
@book{venables_introduction_2013,
	title = {An introduction to R},
	url = {http://www.math.vu.nl/sto/onderwijs/statlearn/R-Binder.pdf},
	urldate = {2013-05-28},
	publisher = {Network Theory},
	author = {Venables, William N. and Smith, David M. and Team, R. Development Core},
	year = {2013},
	file = {R-intro.pdf:/home/aurelius/.mozilla/firefox/zgntm85n.default/zotero/storage/3FCN54WC/R-intro.pdf:application/pdf}
}
